\bibliographystyle{ieeetr}

@article{xu2021comprehensive,
  title={A comprehensive comparative study of clustering-based unsupervised defect prediction models},
  author={Xu, Zhou and Li, Li and Yan, Meng and Liu, Jin and Luo, Xiapu and Grundy, John and Zhang, Yifeng and Zhang, Xiaohong},
  journal={Journal of Systems and Software},
  volume={172},
  pages={110862},
  year={2021},
  publisher={Elsevier}
}

@article{malhotra2019empirical,
  title={An empirical study to investigate oversampling methods for improving software defect prediction using imbalanced data},
  author={Malhotra, Ruchika and Kamal, Shine},
  journal={Neurocomputing},
  volume={343},
  pages={120--140},
  year={2019},
  publisher={Elsevier}
}

@inproceedings{zhang2016cross,
  title={Cross-project defect prediction using a connectivity-based unsupervised classifier},
  author={Zhang, Feng and Zheng, Quan and Zou, Ying and Hassan, Ahmed E},
  booktitle={2016 IEEE/ACM 38th International Conference on Software Engineering (ICSE)},
  pages={309--320},
  year={2016},
  organization={IEEE}
}